@misc{gordon2020convolutional,
      title={Convolutional Conditional Neural Processes}, 
      author={Jonathan Gordon and Wessel P. Bruinsma and Andrew Y. K. Foong and James Requeima and Yann Dubois and Richard E. Turner},
      year={2020},
      eprint={1910.13556},
      archivePrefix={arXiv},
      primaryClass={stat.ML}
}

@article{watson2022climatebench,
  title={ClimateBench v1. 0: A Benchmark for Data-Driven Climate Projections},
  author={Watson-Parris, Duncan and Rao, Yuhan and Olivi{\'e}, Dirk and Seland, {\O}yvind and Nowack, Peer and Camps-Valls, Gustau and Stier, Philip and Bouabid, Shahine and Dewey, Maura and Fons, Emilie and others},
  journal={Journal of Advances in Modeling Earth Systems},
  volume={14},
  number={10},
  pages={e2021MS002954},
  year={2022},
  publisher={Wiley Online Library}
}

@misc{garnelo2018neural,
      title={Neural Processes}, 
      author={Marta Garnelo and Jonathan Schwarz and Dan Rosenbaum and Fabio Viola and Danilo J. Rezende and S. M. Ali Eslami and Yee Whye Teh},
      year={2018},
      eprint={1807.01622},
      archivePrefix={arXiv},
      primaryClass={cs.LG}
}

@misc{dubois2020npf,
  title        = {Neural Process Family},
  author       = {Dubois, Yann and Gordon, Jonathan and Foong, Andrew YK},
  month        = {September},
  year         = {2020},
  howpublished = {\url{http://yanndubs.github.io/Neural-Process-Family/}}
}

@misc{scholz2023sim2real,
      title={Sim2Real for Environmental Neural Processes}, 
      author={Jonas Scholz and Tom R. Andersson and Anna Vaughan and James Requeima and Richard E. Turner},
      year={2023},
      eprint={2310.19932},
      archivePrefix={arXiv},
      primaryClass={cs.LG}
}

@Article{gmd-15-251-2022,
AUTHOR = {Vaughan, A. and Tebbutt, W. and Hosking, J. S. and Turner, R. E.},
TITLE = {Convolutional conditional neural processes for local climate downscaling},
JOURNAL = {Geoscientific Model Development},
VOLUME = {15},
YEAR = {2022},
NUMBER = {1},
PAGES = {251--268},
URL = {https://gmd.copernicus.org/articles/15/251/2022/},
DOI = {10.5194/gmd-15-251-2022}
}

@misc{finn2017modelagnostic,
      title={Model-Agnostic Meta-Learning for Fast Adaptation of Deep Networks}, 
      author={Chelsea Finn and Pieter Abbeel and Sergey Levine},
      year={2017},
      eprint={1703.03400},
      archivePrefix={arXiv},
      primaryClass={cs.LG}
}

@misc{cohen2018spherical,
      title={Spherical CNNs}, 
      author={Taco S. Cohen and Mario Geiger and Jonas Koehler and Max Welling},
      year={2018},
      eprint={1801.10130},
      archivePrefix={arXiv},
      primaryClass={cs.LG}
}

@book{rasmussen2006gaussian,
  title={Gaussian processes for machine learning},
  author={Rasmussen, Carl Edward and Williams, Christopher KI and others},
  volume={1},
  year={2006},
  publisher={Springer}
}